<?xml version="1.0" encoding="UTF-8"?><collection xmlns="http://www.loc.gov/MARC21/slim"><record><leader>00436nam--2200169-u-4500</leader><controlfield tag="001">000051746</controlfield><controlfield tag="002">20161230</controlfield><controlfield tag="005">20161230201049</controlfield><controlfield tag="008">080922s1000------------r-----000-0-eng-d</controlfield><datafield ind1=" " ind2=" " tag="040"><subfield code="a">IFIN-HH</subfield></datafield><datafield ind1="1" ind2=" " tag="100"><subfield code="a">Forsyth,A.R</subfield></datafield><datafield ind1="1" ind2="0" tag="245"><subfield code="a">Theory of differential equations. Partial differential equations</subfield></datafield><datafield ind1=" " ind2=" " tag="260"><subfield code="a">Cambridge</subfield><subfield code="b">Univ.Press</subfield><subfield code="c">1906</subfield></datafield><datafield ind1=" " ind2=" " tag="300"><subfield code="a">478 p</subfield></datafield><datafield ind1=" " ind2=" " tag="490"><subfield code="v">Part V</subfield></datafield><datafield ind1=" " ind2=" " tag="852"><subfield code="a">456</subfield><subfield code="c">517.9</subfield></datafield><datafield ind1=" " ind2=" " tag="CAT"><subfield code="a">Sys</subfield><subfield code="c">20080922</subfield><subfield code="h">093153</subfield></datafield></record></collection>